@ARTICLE{IEEEexample:Akyildiz06nextgeneration,
    author = "Ian F. Akyildiz and Won-Yeol Lee and Mehmet C. Vuran and Shantidev Mohanty",
    title = "Ne{X}t {G}eneration/{D}ynamic {S}pectrum {A}ccess/{C}ognitive {R}adio {W}ireless {N}etworks: {A} {S}urvey",
    journal = "Computer Networks Journal (Elsevier)",
    volume = "50",
    year = "2006",
    pages = "2127-2159"
}

@ELECTRONIC{SSCSpecReportIreland,
		author = "SSC",
		title = "Spectrum {R}eports",
		howpublished = "\url{http://www.sharedspectrum.com/wp-content/uploads/Ireland_Spectrum_Occupancy_Measurements_v2.pdf}",
}

@ELECTRONIC{SSCSpecReportChicago,
		author = "SSC",
		title = "Spectrum {R}eports",
		howpublished = "\url{http://www.sharedspectrum.com/wp-content/uploads/NSF_Chicago_2005-11_measurements_v12.pdf}",
}

@ELECTRONIC{SSCSpecReportRiverbendPark,
		author = "SSC",
		title = "Spectrum {R}eports",
		howpublished = "\url{http://www.sharedspectrum.com/wp-content/uploads/1_NSF_Riverbend_Park_Report.pdf}",
}

@ELECTRONIC{SSCSpecReportNYC,
		author = "SSC",
		title = "Spectrum {R}eports",
		howpublished = "\url{http://www.sharedspectrum.com/wp-content/uploads/4_NSF_NYC_Report.pdf}",
}

@ELECTRONIC{SSCSpecReportNRAO,
		author = "SSC",
		title = "Spectrum {R}eports",
		howpublished = "\url{http://www.sharedspectrum.com/wp-content/uploads/5_NSF_NRAO_Report.pdf}",
}

@ELECTRONIC{HAGER_GRANT,
		author = "WiFIUS",
		title = "Global {RF} {S}pectrum {O}pportunity {A}ssessment",
		howpublished = "\url{http://209.140.21.224/~jwifiusa/projects#global}",
}

@INPROCEEDINGS{6849666,
		author= "Taher, T. and Attard, R. and Riaz, A. and Roberson, D. and Taylor, J. and Zdunek, K. and Hallio, J. and Ekman, R. and Paavola, J. and Suutala, J. and Roning, J. and Matinmikko, M. and Hoyhtya, M. and MacKenzie, A.", 
		booktitle= "Cognitive Radio Oriented Wireless Networks and Communications (CROWNCOM), 2014 9th International Conference on", 
		title= "Global {S}pectrum {O}bservatory {N}etwork {S}etup and {I}nitial {F}indings", 
		year= "2014", 
		month= "June", 
		pages= "79-88"
}

@INPROCEEDINGS{4549835, 
		author= "Wellens, M. and Wu, Jin and Mahonen, P.", 
		booktitle= "Cognitive Radio Oriented Wireless Networks and Communications, 2007. CrownCom 2007. 2nd International Conference on", 
		title= "Evaluation of {S}pectrum {O}ccupancy in {I}ndoor and {O}utdoor {S}cenario in the {C}ontext of {C}ognitive {R}adio", 
		year= "2007", 
		month= "Aug", 
		pages= "420-427" 
}

@INPROCEEDINGS{750342, 
		author= "Sanders, F.H.", 
		booktitle= "Electromagnetic Compatibility, 1998. 1998 IEEE International Symposium on", 
		title= "Broadband {S}pectrum {S}urveys in {D}enver, {CO}, {S}an {D}iego, {CA}, and {L}os {A}ngeles, {CA}: {M}ethodology, {A}nalysis, and {C}omparative {R}esults", 
		year= "1998", 
		month= "Aug", 
		volume= "2", 
		pages= "988-993"
}

@INPROCEEDINGS{McHenry:2006:CSO:1234388.1234389,
		 author = "McHenry, Mark A. and Tenhula, Peter A. and McCloskey, Dan and Roberson, Dennis A. and Hood, Cynthia S.",
		 title = "Chicago {S}pectrum {O}ccupancy {M}easurements \& {A}nalysis and a {L}ong-term {S}tudies {P}roposal",
		 booktitle = "Proceedings of the First International Workshop on Technology and Policy for Accessing Spectrum",
		 series = "TAPAS '06",
		 year = "2006",
		 isbn = "1-59593-510-X",
		 location = "Boston, Massachusetts",
		 articleno = "1",
}

@ELECTRONIC{rfeye_specs,
		author = "CRFS",
		title = "RFEye {N}ode {S}pecifications",
		howpublished = "\url{http://media.crfs.com/uploads/files/1/crfs-md00027-c06-rfeye-detect.pdf}"
}

@ELECTRONIC{chicago_spec_occ,
		author = "RadioReference",
		title = "Cook {C}ounty, {I}llinois ({IL}) {S}canner {F}requencies and {R}adio {F}requencies {R}eference",
		howpublished = "\url{http://www.radioreference.com/apps/db/?ctid=606}"
}

@ELECTRONIC{blacksburg_spec_occ,
		author = "RadioReference",
		title = "Montgomery {C}ounty, {V}irginia ({VA}) {S}canner {F}requencies and {R}adio {F}requencies {R}eference",
		howpublished = "\url{http://www.radioreference.com/apps/db/?ctid=2879}"
}

@ELECTRONIC{fcc_700_MHz_lmr,
		author = "FCC",
		title = "700 {M}Hz {N}arrowband {S}ummary",
		howpublished = "\url{http://transition.fcc.gov/pshs/public-safety-spectrum/700-MHz/narrowband.html}"
}

@ELECTRONIC{fcc_dashboard,
		author = "FCC",
		title = "Spectrum {D}ashboard",
		howpublished = "\url{http://reboot.fcc.gov/reform/systems/spectrum-dashboard}"
}

@ELECTRONIC{tv_channel_info_blacksburg,
		author = "StationIndex",
		title = {Roanoke - {L}ynchburg {T}elevision {S}tations - {S}tation {I}ndex},
		howpublished = "\url{http://www.stationindex.com/tv/markets/Roanoke-Lynchburg}"
}

@ELECTRONIC{tv_channel_info_chicago,
		author = "StationIndex",
		title = "Chicago {T}elevision {S}tations - {S}tation {I}ndex",
		howpublished = "\url{http://www.stationindex.com/tv/markets/chicago}"
}

@ELECTRONIC{tv_channel_frequencies,
		author = "LLoyd W. Phillips",
		title = "Television {F}requencies {P}lus {CATV}, {R}adio, and {S}atellite",
		howpublished = "\url{http://www.tvtower.com/Commercial%20Television%20Frequencies.html}"
}